1964 3176
262 132 294 176 8

261 245 369 290 libri
405 244 706 306 praeserenda,
736 254 810 290 aut
839 260 940 290 cum
968 243 1190 289 Vossiano
1215 244 1289 302 qui
1316 260 1425 289 ωηο
1450 260 1556 301 pm
1583 255 1644 291 est
1674 247 1770 292 Ro-

262 341 418 371 manae
443 325 559 369 urbis
586 324 821 383 legendum
852 324 948 370 erit.
1007 320 1275 384 Saepissime
1302 323 1352 370 in
1372 325 1521 371 verbis
1552 312 1771 371 collocan-

266 405 334 454 dis
364 406 419 449 ab
447 403 685 449 editoribus
715 416 939 464 peccatum
968 419 1149 462 eamque
1176 391 1273 459 rem
1302 406 1357 452 ab
1383 405 1447 462 ‚iis'
1474 415 1610 465 paene
1638 404 1771 449 nihili

266 484 536 531 aestimatam
564 495 674 541 esse,
704 495 817 529 recte
847 484 1031 540 notavit·
1045 482 1137 545 jam
1165 483 1556 532 Weissenbornius
1593 484 1643 529 in
1672 501 1771 529 cen-

269 580 373 608 sura
410 564 557 628 Livii,
578 565 797 607 librorum
833 562 958 607 XXI
997 575 1055 626 et,
1075 563 1238 608 XXII.
1278 581 1306 609 a
1344 565 1531 610 Fata-102
1556 564 1773 614 editorum

271 644 520 703 (Reltfdytift
548 644 616 699 fiir
645 643 1118 700 fflltettbumssmiss'ensdy.
1149 643 1267 689 1837
1295 661 1338 705 p.
1371 644 1519 704 1215).

853 794 957 859 ιν.
1042 796 1098 878 gs„
1128 794 1186 860 6.
1214 866 1220 869 ,

272 921 351 969 Ab
386 935 452 968 eo
483 919 550 971 ad
581 917 783 989 stabula
810 916 1088 970 Larentiae
1109 917 1264 968 uxori
1300 918 1594 969 educandos
1620 908 1771 969 latos.
1819 983 1825 991 ⁸
1847 941 1853 944 -

387 1029 534 1073 Miror
562 1029 679 1087 qnod
710 1027 930 1073 Gronovii
960 1027 1209 1094 conjectura
1226 1030 1366 1087 datos,
1398 1045 1508 1089 quae
1524 1029 1654 1090 unius
1673 1038 1774 1074 tan-

270 1121 366 1155 tum
381 1108 544 1153 codicis
556 1107 942 1167 Haverkampiani
962 1101 1218 1154 auctoritate
1228 1126 1383 1170 parum
1398 1112 1612 1165 firmatur,
1624 1124 1774 1153 omnes

263 1189 447 1233 criticos
469 1187 595 1233 Livii
627 1187 754 1232 libris
784 1188 1059 1232 recensendis
1089 1188 1276 1234 intentos
1306 1184 1444 1234 ita‘in
1474 1177 1669 1234 errorem
1697 1188 1776 1232 ab-

274 1268 418 1322 duxit,
461 1278 512 1311 ut
550 1283 680 1311 nemo
721 1268 774 1311 de
811 1268 1073 1327 praestantia
1117 1269 1245 1331 hujus
1276 1270 1517 1329 scripturae
1547 1268 1775 1327 dubitaret.

275 1347 404 1393 Certe
413 1346 826 1402 Drakenborchius,
846 1333 980 1405 quum
999 1348 1146 1392 literas
1166 1344 1256 1393 det
1273 1352 1294 1391 l
1308 1365 1436 1408 saepe
1459 1349 1666 1410 confusas
1686 1362 1779 1391 esse

275 1429 627 1482 demonstrasset,
659 1428 769 1470 latos
798 1425 988 1486 scripsit,
1021 1423 1206 1485 cumque
1235 1443 1286 1472 eo
1318 1426 1699 1488 Kreyssigius
1735 1436 1779 1470 et

276 1506 582 1564 Bekkerus.
614 1504 819 1550 Primum
835 1516 979 1550 autem
990 1506 1192 1551 codicum
1206 1506 1519 1561 anctoritatem,
1539 1521 1672 1564 quam
1682 1506 1779 1550 fere
1811 1554 1814 1555 ⁷

277 1588 420 1631 solam
449 1585 712 1643 sequendam
740 1600 833 1629 esse
863 1601 963 1630 cum
991 1586 1234 1647 viderimus
1263 1597 1356 1630 tum
1386 1585 1658 1639 videbimus,
1705 1600 1778 1629 eos

278 1664 528 1724 neglexi-sse
557 1664 794 1709 dolendum
823 1666 911 1710 estz
943 1680 1047 1708 nam
1076 1665 1292 1724 scriptura
1315 1666 1363 1708 in
1384 1664 1513 1709 Harl.
1542 1665 1572 1708 2
1599 1664 1780 1709 inventa

278 1745 336 1788 ab
374 1760 424 1787 eo
462 1745 573 1802 laios
601 1744 663 1786 ad
698 1743 865 1802 stabula
893 1744 1131 1788 Larentiae
1157 1745 1289 1788 uxori
1316 1744 1556 1788 educandos
1596 1743 1721 1787 datos
1755 1759 1781 1788 a

278 1824 464 1869 librario
493 1824 701 1883 profecta*
718 1823 797 1879 est,
830 1823 913 1882 qui-
935 1825 1044 1868 latos
1071 1825 1329 1870 correctoris
1359 1840 1497 1869 manu
1530 1817 1643 1869 voci'
1659 1824 1784 1874 datos

232 1946 243 1953 ,.
281 1901 623 1963 superscriptum
649 1902 749 1946 loco
777 1918 858 1947 suo
886 1903 936 1946 in
963 1913 1132 1959 textum
1160 1903 1336 1964 recepit.
1395 1902 1540 1958 Ceteri
1561 1903 1666 1947 libri
1688 1920 1785 1964 om·

283 1999 361 2029 nes
390 1983 516 2026 datos
544 1982 772 2041 praebent:
804 1993 846 2027 et
874 1993 1043 2027 tantum
1072 1984 1208 2038 abest,
1237 1993 1285 2028 ut
1314 1984 1501 2028 editores
1530 1982 1626 2045 jure
1655 1999 1679 2027 a
1711 1999 1783 2027 co-

284 2064 432 2107 dicum
460 2062 538 2108 via
566 2045 835 2117 recesserint,
864 2072 915 2105 ut
942 2063 1114 2106 nullam
1141 2063 1374 2107 lectionem
1403 2069 1535 2121 quam
1563 2063 1792 2120 antiquam

284 2141 534 2187 sententiae
549 2140 692 2199 magis
717 2142 952 2202 convenire
974 2148 1055 2201 pro
1075 2153 1192 2187 certo
1205 2144 1439 2198 affirmem.
1498 2140 1651 2200 Quum
1667 2141 1785 2188 enim

286 2221 445 2266 Livius
487 2222 533 2265 id
571 2219 849 2282 potissimum
889 2207 1137 2279 significare
1178 2221 1311 2277 velit,
1352 2237 1508 2281 pueros
1548 2222 1655 2267 istos
1697 2221 1786 2265 La·
1820 2249 1824 2252 1

287 2299 454 2346 rentiae
496 2301 629 2344 uxori
650 2353 653 2357 .
677 2301 735 2365 ad.
770 2300 1071 2346 educationem
1109 2301 1288 2347 traditos
1318 2318 1411 2349 esse
1459 2286 1617 2360 (quare
1630 2315 1639 2320 ’
1656 2301 1788 2346 etiam

287 2381 436 2426 statim
464 2379 814 2436 in-sequentibus
842 2380 992 2425 verbis
1017 2381 1123 2426 dicit
1149 2382 1210 2427 ita
1238 2381 1376 2439 geniti
1404 2382 1549 2437 itaque
1582 2379 1789 2437 educati),

288 2469 470 2520 apparet
501 2456 697 2502 nostram
725 2460 984 2519 scripturam
1012 2462 1152 2506 multo
1180 2458 1339 2525 melius
1369 2459 1423 2503 ad
1466 2459 1581 2503 hanc
1616 2469 1790 2505 senten-

289 2540 397 2584 tiam
429 2538 645 2596 quadrare
685 2553 818 2595 quam
854 2521 1051 2597 alteram,
1095 2540 1167 2584 cui
1199 2538 1238 2582 si
1276 2538 1660 2598 adstipularemur,
1696 2527 1792 2584 vox
1829 2596 1836 2600 ἱ

293 2622 400 2663 latos
427 2617 575 2678 potius
604 2616 743 2662 ‘verba
772 2617 835 2661 ad
860 2603 1030 2662 siabula
1058 2628 1284 2679 spectaret,
1315 2618 1436 2665 notio
1474 2618 1686 2665 educandi
1715 2633 1796 2662 au-

293 2709 381 2748 tem
408 2697 458 2741 vi
489 2712 566 2741 sua
596 2698 864 2756 privaretur,
903 2708 945 2742 et
972 2708 1179 2757 tanquam
1206 2699 1366 2756 levior,
1417 2713 1667 2757 quanquam
1695 2711 1800 2756 gra-
