1964 3176
283 153 340 198 16

280 271 490 328 ,En-uscia,
525 281 658 328 quam
685 266 979 315 strothius
1013 277 1055 313 et
1094 267 1287 334 Kreys
1299 270 1481 331 sigius
1498 261 1791 332 'receperunn

281 368 419 413 quum
432 350 532 396 talis
550 347 840 394 Etruseorum
854 347 1052 409 repetitio
1069 349 1309 411 displiceat.
1336 350 1625 397 Redeundum
1645 362 1789 403 autem

282 432 364 478 erit
380 432 434 476 ad
450 429 672 475 librorum
683 428 962 489 scripturam,
982 414 1099 487 quae
1105 441 1252 491 aperte
1263 442 1466 494 corrupta
1478 430 1698 492 quomodo'
1707 442 1789 478 nos

281 513 336 580 ad
358 510 620 577 scripturam
643 509 882 569 genuinam
905 508 1143 569 perducere
1163 512 1316 571 possit,
1350 512 1593 560 videamus.
1643 510 1789 557 Credo

280 603 427 639 autem
446 590 625 637 Volscis
654 599 801 635 ortum
829 604 924 635 esse
951 605 1012 635 ex
1037 590 1088 633 V
1081 590 1173 635 olm
1190 608 1269 652 per
1284 592 1589 669 compendium
1607 591 1788 665 scripto,

283 689 396 733 quae
421 672 636 732 scriptura
666 686 798 729 quam
824 668 1000 715 facile'
985 687 1034 714 ιιι
1057 661 1236 717 Volscis
1254 672 1343 717 ab
1327 673 1385 718 iis
1401 673 1564 718 mutari
1586 671 1789 734 potuerit,
1881 676 1885 678 ’

285 754 362 813 qui
398 752 639 801 secundum
674 750 866 805 XXXI,
904 752 961 795 31
1001 766 1095 808 vos,
1139 768 1219 809 quo
1248 754 1481 811 propiores
1499 754 1789 798 Macedoniae

286 835 411 887 estis,
455 848 505 877 eo
550 831 699 875 melius
738 831 879 887 scitia,
922 846 1083 875 nomen
1120 831 1274 890 populi
1309 832 1384 877 hic
1418 832 1628 893 scriptum
1656 831 1790 878 fuisse
1840 865 1844 869 ψ

284 912 572 973 conjicerent,
604 911 652 953 in
682 920 832 969 aperto
862 919 941 955 est
1000 908 1129 953 Certe
1157 924 1248 954 non
1274 910 1432 967 video,
1462 927 1541 954 cur
1574 908 1789 971 Vejorum

285 992 567 1055 potissimum
594 988 862 1034 mentionem
883 989 1068 1046 fecerit,
1077 990 1163 1047 qui
1190 988 1420 1035 Fidenates
1444 988 1653 1045 Etruscos
1679 1007 1790 1050 quo·

285 1090 370 1132 que
379 1072 563 1127 fuisse,
601 1080 643 1114 et
672 1069 880 1114 bellum*
863 1086 913 1113 ιιι
940 1068 1048 1130 ipsis
1076 1068 1213 1130 prope
1241 1065 1380 1129 portis
1408 1054 1577 1116 Romae
1602 1086 1628 1115 a
1657 1069 1788 1116 Fide-

286 1153 485 1207 natibus,
514 1151 642 1194 nimis
671 1151 837 1194 vicinas
864 1165 1002 1209 prope
1030 1166 1077 1194 se
1107 1166 1299 1194 crescere
1327 1166 1431 1210 opes
1460 1151 1591 1207 ratis,
1622 1151 1788 1197 excita-

287 1243 383 1277 tum
410 1246 503 1276 esse
536 1244 668 1289 supra
707 1244 744 1273 c.
786 1227 844 1273 14
880 1228 1007 1274 dixit.
1068 1226 1274 1274 Ceterum
1311 1229 1363 1274 de
1400 1211 1717 1276 Fidenatium
1714 1229 1788 1276 vi·
1806 1267 1808 1270 .

288 1312 404 1356 cinia
437 1311 492 1355 cf.
524 1308 685 1354 Strabo
714 1308 778 1353 V.
808 1325 845 1354 c.
873 1310 918 1353 3.
949 1326 994 1368 p.
1033 1311 1122 1352 372
1159 1319 1201 1353 et
1242 1309 1295 1353 de
1334 1309 1548 1370 Vejorum
1586 1309 1789 1354 distantia

240 1371 249 1377 β
284 1382 483 1451 Dionys.
513 1380 662 1434 Halic.
686 1386 748 1433 Π.
771 1386 846 1443 54,
874 1387 950 1445 qui
973 1387 1102 1431 istam
1126 1387 1280 1431 urbem
1296 1387 1470 1433 circiter
1486 1388 1788 1448 quadraginta,

287 1473 403 1515 hanc
440 1464 615 1516 centum
669 1468 807 1512 stadia
854 1468 910 1511 ab
959 1468 1069 1511 urbe
1119 1467 1286 1511 afuisse
1329 1452 1541 1518 tradunt„
1588 1467 1788 1524 Accedit,

289 1549 405 1609 quod
434 1565 492 1593 ex
520 1547 715 1610 Dionys.
746 1545 833 1604 ΙΙΙ,
865 1563 903 1592 c.
933 1546 979 1602 6,
1016 1562 1147 1605 quem
1183 1546 1331 1591 locum
1369 1534 1595 1604 strothius
1630 1546 1788 1604 attulit,

289 1628 551 1689 Veientium
584 1637 625 1670 et
670 1626 953 1669 Fidenatium
988 1625 1142 1668 foedus
1192 1635 1342 1668 contra
1393 1624 1584 1688 Romam
1621 1625 1802 1678 factm,

289 1723 401 1764 esse,
433 1721 593 1764 eosque
621 1704 810 1749 Fidenas
841 1703 1097 1749 convenisse
1126 1714 1287 1749 narrat.
1348 1703 1474 1763 Quae
1503 1705 1651 1750 omnia
1676 1706 1789 1751 Gro-

287 1787 415 1832 novii
443 1785 738 1847 conjecturam
752 1770 996 1828 debilitant.
1035 1781 1185 1826 Verba
1205 1791 1370 1826 autem:
1381 1798 1471 1839 quo
1484 1785 1659 1842 propior
1676 1786 1791 1830 vobis

287 1876 365 1923 est,
393 1865 510 1910 nihil
539 1864 795 1909 offensionis
825 1864 1002 1919 habent,
1032 1862 1136 1921 quia
1155 1877 1238 1917 rea,
1269 1871 1318 1906 ut
1342 1861 1396 1906 de
1418 1862 1642 1923 republica
1660 1881 1791 1911 usur-

290 1957 436 2007 patur,
457 1946 517 1989 ita
542 1944 673 1988 etiam
698 1942 840 2003 magis
865 1941 1119 2002 universam
1143 1940 1365 1996 notionem
1383 1942 1588 1987 habuisse
1612 1955 1791 1992 constat.

290 2025 463 2071 Verum
492 2024 747 2069 concinnior
776 2038 947 2081 quoque
975 2023 1024 2067 fit
1052 2037 1214 2077 sermo,
1243 2020 1450 2079 quoniam
1480 2023 1619 2067 oratio
1650 2006 1793 2084 pluri-

290 2108 373 2151 bus
403 2104 633 2166 subjectis,
663 2120 773 2161 quae
801 2113 985 2158 vocant,
1015 2118 1106 2147 non
1135 2101 1427 2175 disturbatur,
1457 2103 1532 2147 sed
1559 2102 1793 2165 simplissi-

291 2202 411 2230 mam
437 2183 637 2245 speciem
656 2183 855 2243 praebet..

696 2358 700 2372 ’
787 2368 1057 2432 xxxn.
1103 2352 1106 2355 ’
1143 2366 1189 2447 ᾲ.
1231 2366 1297 2430 4.

297 2539 398 2606 Qui
446 2543 502 2588 ut
544 2510 763 2606 regnare
808 2540 1005 2604 coepit,
1053 2544 1108 2588 et
1141 2535 1308 2588 avitae
1342 2535 1550 2604 gloriae,
1569 2527 1794 2604 memor,

363 2639 382 2647 “·
400 2637 454 2683 et
489 2629 609 2698 quia
642 2628 945 2698 proximum
978 2620 1198 2697 regnum
1233 2632 1406 2679 cetera
1440 2624 1798 2698 egregium'ab

404 2712 506 2772 una
553 2726 701 2789 parte
735 2719 874 2773 haud
908 2718 1029 2772 satis
1064 2735 1375 2789 prosperum
1408 2718 1606 2793 fuerat,
1642 2720 1799 2790 louge
