1964 3176
307 146 337 192 4

309 275 394 306 usu
424 260 546 315 vocis
563 260 831 312 dubitasset.
892 257 982 326 sed
1006 246 1091 305 ‘aui
1115 258 1325 322 judicent,
1354 275 1463 305 num
1479 260 1583 316 10⁶5,
1613 260 1661 307 in
1683 275 1813 320 quem

292 341 465 394 jdeinde
492 357 538 385 se
569 339 847 397 contulerint,
876 338 1335 398 commemorationem
1365 333 1627 391 nou-minus
1643 339 1691 384 in
1708 356 1813 386 ver·
1848 377 1851 379 ,

311 421 378 466 bis
396 422 443 465 in
459 437 578 478 quem
590 421 775 476 mimum
783 406 941 476 egressi
958 429 1050 464 sumt
1061 422 1196 465 locum
1212 422 1250 466 si
1260 438 1352 484 non
1371 420 1677 476 desideremus,
1696 430 1813 465 certe

311 501 605 561 suppleamus.
686 501 748 545 At
785 499 887 547 ,voci
911 537 914 540 Δ
924 500 1064 558 primo
1106 500 1209 560 addi
1246 502 1401 547 solitae
1437 511 1538 547 sunt
1574 499 1814 561 particulae

304 590 421 638 posi,
450 581 623 637 deinde,
655 580 781 625 aliae.
842 578 930 624 Sed
949 596 1044 624 rem
1072 580 1201 625 aliter
1229 597 1276 626 se
1298 582 1475 639 babere,
1505 597 1642 640 neque
1660 596 1810 641 exeni-

310 660 385 721 pla
412 659 542 722 hujus
572 675 676 705 usus
705 659 866 705 frustra
899 660 1067 719 quaeri,
1098 661 1253 707 docent
1280 660 1458 709 Ellendt
1479 662 1533 707 ad
1551 660 1678 707 Brut.
1697 677 1734 706 c.
1755 659 1813 706 95
1869 665 1882 676 '

310 739 449 785 Fabri
478 741 531 784 ad
549 739 666 787 vLiv.
696 739 837 806 XXI,
866 742 1051 799 33,·11.μ
1105 736 1273 787 sallust
1301 736 1405 801 Jug.
1437 744 1509 796 53,
1540 744 1583 787 7.
1623 738 1811 793 θαι-24,

314 822 355 865 1.
414 818 485 865 Et'
498 821 637 878 primo
666 837 799 879 quum
830 821 1093 882 detempore
1110 822 1295 876 dicatur,
1327 833 1368 867 et
1397 822 1445 866 id
1465 822 1680 881 significet
1697 819 1812 880 quod

246 911 253 915 Χ
312 901 458 960 primo
486 911 679 961 tempore
706 902 735 944 i.
766 918 803 945 e.
832 900 962 943 initio
975 893 1144 944 factum
1162 900 1234 956 sit,
1252 900 1354 961 'jam
1372 917 1452 960 per
1463 911 1667 944 naturam
1687 913 1812 944 suam
1839 952 1850 960 ,

310 979 771 1024 commemorationem
798 984 1047 1036 accuratam
1074 995 1224 1023 rerum
1252 979 1460 1040 temporis
1486 979 1640 1025 ordine
1667 978 1812 1039 dispo-

312 1058 501 1104 sitarum
528 1075 622 1104 non
649 1061 872 1120 postulare
899 1059 1101 1115 videtur:
1132 1060 1248 1104 unde
1264 1060 1470 1120 plurimis
1488 1060 1597 1105 locis
1620 1058 1813 1118 aliquam

312 1156 407 1185 rem
435 1139 582 1200 primo
610 1140 777 1204 factam
806 1139 1010 1198 legimus,
1042 1156 1182 1198 neque
1210 1151 1356 1184 tamen
1386 1156 1496 1198 qnae
1519 1124 1668 1201 postea
1695 1140 1812 1183 facta

312 1219 371 1264 sit
381 1218 648 1264 invenimus.
687 1218 814 1276 Quae
825 1235 894 1263 res
909 1219 1058 1264 multis
1076 1218 1224 1286 fraudi
1234 1220 1333 1275 fuit,
1358 1229 1407 1263 ut
1424 1230 1498 1264 aut
1521 1229 1658 1264 totam
1675 1234 1814 1264 enun-

314 1298 540 1344 tiationem
558 1299 845 1359 supplendam
860 1310 1083 1344 censerent
1098 1309 1171 1344 aut
1190 1299 1244 1343 ad
1269 1299 1585 1347 emendandum
1601 1299 1814 1357 confuge-

233 1429 235 1431 ,
312 1388 424 1425 rent.
485 1378 586 1435 Qua
614 1378 905 1437 disputatione
934 1378 1051 1421 clare
1068 1378 1384 1422 demonstrasse
1399 1377 1509 1422 mihi
1525 1378 1694 1431 videor,
1724 1392 1815 1421 non

313 1475 422 1519 opus
464 1474 558 1505 esse
587 1455 836 1518 conjectura
866 1456 1081 1510 editorum
1108 1466 1324 1513 veterum,
1365 1474 1501 1516 quum
1539 1457 1586 1502 id
1620 1468 1812 1502 tantum·
1875 1473 1878 1476 ·

313 1538 446 1583 modo
475 1537 644 1583 intersit
672 1535 788 1580 inter
816 1545 1047 1594 utramque
1077 1536 1355 1596 scripturam,
1383 1547 1446 1590 ut,
1476 1536 1514 1582 si
1530 1522 1532 1524 V
1538 1538 1719 1595 primum
1750 1539 1814 1582 lo-

315 1635 409 1663 cum
444 1617 648 1677 legimus,
689 1608 838 1661 locum
877 1617 1010 1661 istum
1047 1633 1107 1660 ex
1146 1616 1314 1671 ceteris,
1355 1616 1403 1660 in
1441 1633 1550 1674 quos
1587 1618 1741 1662 deinde
1769 1635 1816 1663 se

314 1697 594 1761 contulerint,
623 1689 768 1756 primo
797 1696 882 1740 isto
910 1696 1168 1756 appellando
1198 1695 1541 1754 distinguamus:
1581 1713 1638 1742 ex
1666 1708 1815 1755 nostra

314 1788 457 1822 autem
486 1777 706 1820 librorum
727 1775 953 1838 „scriptura
982 1775 1141 1820 Livius
1171 1776 1319 1820 locum
1350 1776 1579 1834 significet,
1610 1777 1658 1821 in
1686 1793 1816 1835 quem

311 1857 440 1901 initio
478 1855 756 1910 intraverint,
798 1870 938 1912 neque
957 1866 1058 1907 ⁴tam
1088 1865 1233 1914 aperte
1262 1839 1426 1913 ceteros
1455 1856 1716 1914 cogitatione
1743 1867 1815 1901 re-

311 1936 479 1995 spiciat.
557 1925 642 1978 cuii
690 1934 868 1978 ultimae
906 1950 1060 1978 causae
1097 1949 1182 1991 quo
1222 1933 1435 1993 majorem
1474 1936 1815 1981 concesserimus
1860 1966 1862 1968 ·
1922 1960 1928 1964 ⁷

313 2015 578 2075 gravitatem
614 2030 665 2059 ac
693 2014 939 2068 veritatem,
982 2029 1034 2057 eo
1063 2011 1224 2057 rectius
1254 2013 1383 2058 lectio
1413 2029 1438 2057 a
1456 2014 1603 2064 ,nobis
1640 2016 1816 2062 defensa

310 2098 457 2141 locum
486 2111 616 2139 suum
642 2094 865 2139 obtinebit.
925 2091 1004 2138 Sic
1018 2092 1291 2156 Reinholdus
1319 2092 1457 2138 Klot
1468 2095 1591 2140 zius
1621 2096 1734 2155 apud
1751 2095 1815 2141 Μ.

312 2175 515 2220 Tullium
524 2190 605 2236 pro
614 2172 782 2218 Milone
792 2172 865 2229 34,
883 2176 914 2231 ᾗ.
924 2175 995 2219 92.
1008 2183 1123 2217 recte
1134 2174 1317 2240 primum
1327 2189 1409 2234 pro
1416 2175 1600 2231 pn'mam
1611 2173 1816 2237 reposuit.

854 2325 918 2385 c,
967 2323 1018 2382 1.
1117 2325 1158 2406 35.
1203 2324 1260 2386 5.

310 2448 441 2498 Inde
466 2447 532 2497 ab
557 2446 730 2498 Sicilia
754 2444 918 2500 classe
941 2449 1008 2499 ad
1033 2448 1352 2499 Laurentem
1368 2463 1549 2516 agrum
1565 2444 1815 2509 tenuisse:

402 2540 617 2607 vTroiae
638 2545 704 2589 ,et
737 2539 856 2589 huic
891 2540 1008 2590 loco
1043 2554 1245 2589 nomen
1281 2544 1379 2590 est:

420 2650 545 2695 Haec
584 2649 845 2696 Gronovi
853 2650 871 2693 i
905 2639 1183 2712 conjectura,
1238 2665 1369 2709 quam
1397 2660 1545 2711 postea
1574 2647 1612 2694 F
1613 2648 1821 2695 lorentini

308 2730 471 2775 codicis
514 2730 771 2776 auctoritate
811 2730 917 2776 satis
940 2731 1179 2775 firmatam
1220 2730 1422 2790 putavit,
1465 2741 1513 2774 ut
1553 2730 1602 2773 in
1649 2738 1819 2789 textum
