1964 3176
1624 193 1661 236 ἅ

154 290 346 367 recipere
381 305 551 368 possen*
581 306 644 350 ita
671 307 833 366 placuit
862 306 1232 353 Drakenborchio
1242 340 1256 362 ‚
1297 316 1346 351 ut
1374 306 1478 350 huic
1513 306 1646 362 libro,

155 402 285 446 quam
313 395 556 432 ceterorum
584 386 782 433 omnium
809 383 971 436 eximia
993 388 1256 450 praestantia
1278 386 1523 446 insignium
1541 401 1647 431 con-

65 518 76 523 -
153 467 298 530 sensui
315 467 466 511 cedere
480 467 649 512 mallet.
692 466 1108 514 Drakenborchium
1122 467 1291 527 sequuti
1306 477 1408 512 sunt
1425 445 1545 511 kre
1557 481 1646 529 ys-

151 546 359 606 sigius,
390 544 712 603 strothius,
730 545 1043 602 Bekkerus,
1072 564 1261 607 quorum
1284 558 1429 592 tamen
1445 546 1646 592 omnium

7 659 11 667 .
149 626 356 673 virorum
365 625 598 671 auctoritas
609 642 779 672 menon
797 644 849 673 eo
861 628 1081 689 perduxit,
1109 638 1159 672 ut
1180 626 1342 686 Dnjae
1360 641 1515 672 veram
1532 626 1644 671 scri-

148 717 321 768 pturam
339 722 432 772 esse
449 705 700 769 judicarem.
743 707 930 755 Strenue
944 720 1088 754 autem
1109 718 1153 766 et
1168 717 1367 752 accurate
1392 722 1462 751 res
1476 705 1644 764 agenda

147 786 246 839 erit,
287 786 388 855 quia
402 787 613 847 ssplerique
639 788 914 847 grammatici
942 790 994 833 de
1037 786 1359 832 constructione
1402 785 1642 831 verborum

146 867 250 911 milti
297 884 447 929 nometi
494 859 562 912 est
607 868 862 915 disserentes
910 866 1273 914 Drakenborchii
1318 866 1643 926 adnotationem

145 947 199 991 ad
227 946 345 991 hunc
365 948 511 993 locum
533 948 723 993 conferri
741 947 904 1010 jubent.
961 947 1111 998 Etiam
1128 932 1313 992 Weiss
1325 944 1568 991 enborui
1576 960 1639 990 us

143 1025 190 1070 in
241 1027 526 1085 grammatica
572 1044 652 1072 sua
690 1026 868 1085 egregia
911 1013 1029 1071 liunc
1074 1029 1221 1071 locum
1262 1026 1456 1085 exempli
1497 1025 1641 1079 instat

141 1106 285 1167 primo
303 1106 403 1150 loco
428 1106 586 1167 posuit.
630 1105 682 1150 ld
706 1106 882 1165 quidem
910 1096 1094 1164 constat,
1119 1122 1196 1166 per
1208 1104 1474 1151 attractionis
1494 1120 1639 1164 genus

141 1184 337 1230 dativum
375 1185 567 1230 nominis
613 1186 663 1230 in
707 1196 926 1231 structura
964 1187 1210 1242 'verborum
1246 1201 1393 1230 nomen
1429 1186 1532 1230 ηηῚιί
1574 1194 1636 1230 est

140 1280 231 1309 non
259 1264 406 1309 minus
436 1265 545 1309 bene
574 1265 693 1323 dici,r
708 1276 757 1310 et.
777 1262 904 1326 saepe
935 1270 962 1310 a
990 1265 1210 1311 veteribus
1239 1256 1490 1310 auctoribus
1508 1263 1631 1308 Lati-

137 1345 286 1389 nitatis
328 1355 585 1404 usurpatum
623 1361 742 1402 esse,
801 1361 1051 1404 quanquam
1095 1345 1421 1390 nominativum
1445 1345 1633 1406 ‘eosdem

137 1440 228 1468 non
266 1424 514 1484 repudiasse
542 1440 632 1469 non
659 1424 805 1469 minus
834 1436 986 1469 notum
1024 1435 1103 1478 est,
1143 1436 1190 1469 ut
1218 1435 1395 1485 apparet
1432 1441 1493 1469 ex
1533 1423 1627 1469 Cic.

136 1505 271 1549 Tusc.
304 1503 387 1556 IV,
419 1504 492 1549 11.
525 1505 737 1549 εἰ·ηιονόο
755 1507 902 1567 nomer}
920 1513 981 1547 est
1009 1505 1196 1547 evm-itia
1224 1515 1267 1548 et
1292 1503 1428 1549 Ovid.
1447 1504 1627 1550 Metam.

133 1578 246 1641 XV,
275 1584 334 1629 96
357 1593 405 1638 et
433 1582 546 1634 aliis,
559 1576 693 1631 locis:
724 1583 859 1630 etiam
880 1584 1175 1631 accusativum
1205 1600 1355 1629 casum
1368 1601 1470 1629 cum
1489 1584 1629 1630 verbo

132 1663 364 1709 transitivo
384 1662 544 1708 Livius
563 1664 793 1725 usurpavit
810 1674 858 1708 ut
879 1664 922 1716 1,
953 1647 977 1708 1
1007 1666 1081 1709 fin.
1107 1665 1178 1708 cui
1208 1664 1521 1709 Ascanium
1548 1680 1625 1724 pa-

131 1755 274 1790 rentes
312 1744 465 1788 dixere
496 1760 670 1790 nomen.
708 1744 768 1801 1,’
794 1744 837 1799 1,
875 1742 935 1796 34
965 1743 1261 1802 Tarquinium
1296 1743 1512 1789 Priscum‘
1536 1743 1627 1787 edi-

131 1825 233 1868 dere
260 1839 435 1868 nomen.
493 1821 700 1871 Conferri
723 1827 908 1883 'possunt
937 1823 990 1867 de
1010 1824 1094 1868 hoc
1116 1824 1322 1881 loquendi
1339 1813 1423 1867 usu
1451 1822 1626 1867 ochs-

70 1961 72 1963 ,
129 1918 290 1947 uerus
319 1902 374 1946 ad
418 1901 570 1960 Eclog.
615 1889 708 1947 Gi‘c.
740 1919 785 1962 p.
814 1901 918 1948 422.
963 1903 1028 1947 ed.
1059 1913 1153 1947 tert.
1192 1912 1234 1947 et
1272 1901 1539 1947 Kritzius
1568 1902 1623 1947 ad

74 1985 77 1991 ’
129 1980 241 2028 Sall.
270 1980 371 2039 Jug.
391 1980 464 2038 V,
494 1979 537 2027 4.
567 1982 644 2039 qui
675 1980 894 2037 Gor-tium,
925 1981 1245 2026 nominativum
1274 1987 1425 2026 contra
1454 1983 1624 2026 morem

129 2062 412 2119 classicorum
435 2062 699 2122 scriptorum
716 2063 864 2107 facere
880 2062 1106 2114 dicentem,
1136 2072 1251 2105 recte
1278 2063 1504 2108 refutavit.
1546 2061 1621 2106 Ex

120 2142 282 2201 ¹quibus
312 2142 513 2185 omnibus
544 2141 653 2184 locis
672 2151 722 2204 ‘et
750 2156 807 2202 ex
825 2123 1076 2200 Zumptii
1112 2141 1324 2185 sententia
1353 2141 1618 2200 (Grammat.

125 2225 158 2278 ς.
184 2221 307 2277 411),
333 2220 409 2277 qui
429 2223 565 2278 putat,
590 2219 786 2264 dativum
803 2206 945 2278 magis
961 2219 1171 2264 Latinum
1191 2236 1299 2275 esse,
1323 2221 1452 2264 etiam
1471 2230 1619 2264 noster

86 2301 91 2306 ’
124 2302 245 2344 locus
262 2309 377 2344 recte
399 2298 650 2342 emendatus
678 2297 823 2343 videri
840 2309 999 2358 posset,
1027 2298 1113 2343 nisi
1131 2299 1259 2358 plane
1280 2298 1369 2342 alia
1383 2283 1425 2343 et
1443 2299 1620 2345 diversa
1644 2337 1650 2343 .

121 2378 212 2440 ejus
234 2377 561 2423 esseeconditio.
603 2376 722 2422 Nam
734 2378 847 2435 qnod
858 2377 948 2437 jam
958 2377 1160 2430 Bremius
1178 2378 1231 2421 ad
1239 2377 1424 2438 Nepotis
1434 2378 1617 2423 Aristid.

120 2460 164 2514 1,
184 2460 213 2502 2
242 2469 326 2515 „ut
340 2457 725 2517 unuscognomiue
741 2454 890 2503 Iustus
908 2456 968 2501 sit
982 2457 1258 2516 appellatus“
1290 2458 1475 2504 sensisse
1492 2458 1616 2503 vide-

120 2548 206 2594 tur,
236 2530 373 2596 quum
401 2538 722 2586 nominativum
751 2552 899 2582 casum
927 2536 977 2580 in
1005 2535 1219 2599 ejusmodi
1260 2538 1370 2584 locis
1405 2535 1618 2583 relatione

119 2618 175 2661 ad
205 2615 446 2678 subjectum
474 2618 589 2662 facta
613 2616 872 2678 explicaretx
917 2615 964 2659 id
1002 2616 1255 2675 graviorem
1284 2616 1387 2662 vim*
1421 2618 1468 2660 in
1497 2618 1615 2660 hunc

117 2698 266 2742 locum
303 2696 450 2752 habet,
481 2696 567 2740 ‘ubi-
603 2697 750 2757 ipsum
793 2695 1032 2759 subjectum
1069 2697 1124 2740 ab
1154 2696 1280 2741 initio
1304 2695 1613 2744 enuntiationis

116 2775 308 2836 positum
336 2774 637 2822 attractionem
664 2775 748 2822 vix
776 2774 979 2821 admittit.
1037 2775 1204 2834 Aperte
1230 2773 1350 2820 enim
1372 2774 1422 2827 in
1440 2775 1615 2822 diversa
