1964 3176
688 521 733 579 Ῑ.
841 517 900 580 1}
955 523 1010 598 ξ.
1057 520 1117 579 1.

77 741 79 743 ι
151 638 401 728 Duobus,
446 662 633 716 Aenea
665 667 1043 737 Antenoi-eque,
1094 671 1147 716 et
1179 665 1368 718 vetusti
1411 662 1526 733 jure
1563 665 1664 716 ho-

266 754 402 822 spitii
433 761 486 808 et
516 757 639 825 quia
668 764 768 812 etc.
806 775 965 811 omne
999 756 1081 829 jus
1115 755 1242 807 belli
1278 754 1505 808 Achivos
1537 755 1662 808 abs-

266 846 498 900 tinuisse.

159 958 290 1025 Satis
328 982 485 1027 mirari
522 983 612 1028 non
647 998 840 1048 possum,
883 981 988 1042 quid
1017 981 1073 1026 sit
1102 979 1217 1039 quod
1245 978 1659 1038 Drakenborchius‚

53 1042 72 1085 Ι·
159 1058 269 1104 alias
306 1045 508 1112 defensor
536 1061 774 1107 acerrimus
807 1062 1049 1122 scripturae
1078 1061 1134 1104 ab
1164 1060 1417 1105 auctoritate
1443 1060 1661 1116 librorum

159 1137 425 1196 optimorum
467 1141 817 1194 commendatae,
870 1141 956 1185 hoe
998 1141 1098 1185 loco
1113 1190 1120 1194 ¹
1137 1155 1263 1185 casus
1305 1139 1444 1185 dativi
1479 1142 1661 1195 Aeneae

157 1217 466 1279 Antenwae'que,
504 1221 581 1280 qui
618 1222 665 1266 in
703 1221 810 1267 Mss.
855 1218 977 1267 Flor.
1015 1219 1147 1265 Harl.
1192 1231 1234 1265 et
1271 1204 1401 1266 Leidss
1444 1220 1486 1266 1.
1520 1221 1659 1281 scrip—

157 1299 433 1363 tusslegitur,
476 1302 606 1361 plane
643 1302 816 1345 nullam
844 1300 1044 1345 habuerit
1082 1300 1313 1356 rationem,
1352 1310 1395 1344 et
1432 1301 1660 1359 vulgatam

156 1378 416 1437 scripturam
441 1382 582 1424 solam
610 1397 765 1425 veram
792 1397 885 1425 esse
913 1392 1049 1435 ratus,
1080 1376 1169 1423 uno
1198 1379 1334 1438 simili
1360 1380 1462 1424 loco
1483 1396 1541 1423 ex
1557 1379 1658 1424 Ho-

116 1506 120 1509 ,
157 1455 260 1499 ratii
282 1456 427 1502 satiris
449 1459 582 1503 allato
602 1473 696 1502 rem
709 1458 985 1517 profligatam
1000 1452 1094 1501 esse
1115 1457 1349 1521 putaverit.
1392 1456 1496 1503 Jam
1517 1456 1656 1503 Cre-

157 1527 382 1592 vierius
420 1537 620 1595 quidem,
667 1537 884 1586 librorum
924 1551 1137 1587 consensu
1166 1537 1221 1579 ad
1258 1535 1382 1581 viam
1425 1536 1655 1581 meliorem

157 1599 382 1670 adductus,
407 1615 604 1662 dativum
619 1617 668 1661 in
689 1626 860 1661 textum
876 1615 1053 1675 recepit,
1084 1607 1270 1674 eumque
1298 1613 1592 1661 strothius
1616 1629 1657 1662 et

156 1692 197 1739 Β
209 1710 232 1739 e
241 1693 317 1738 kk
325 1711 381 1740 er
389 1712 418 1740 u
428 1711 449 1741 s
472 1696 642 1755 sequuti
656 1706 780 1742 sunt:
811 1696 885 1742 sed
900 1696 1095 1750 fuerunt,
1115 1696 1190 1754 qui
1210 1696 1266 1740 ab
1275 1695 1436 1741 horum
1446 1696 1656 1766 sententia
1682 1732 1686 1739 .

156 1773 425 1819 discederent
448 1791 587 1833 neque
616 1775 853 1833 quidquam
883 1775 1045 1818 mutari
1072 1776 1252 1818 vellent.
1313 1773 1464 1831 Quare
1493 1789 1518 1816 a
1549 1790 1654 1819 con·

157 1853 259 1899 silio
300 1870 399 1899 meo
439 1871 530 1905 non
559 1844 751 1899 alienum
780 1871 872 1900 esse
900 1854 1145 1906 videbatur,
1176 1853 1294 1919 hune
1331 1854 1478 1898 locum
1518 1864 1653 1898 retra-

156 1943 289 1990 ctare,
328 1944 370 1979 et
397 1935 537 1993 quoad
563 1941 749 1995 possem
776 1933 838 1978 ita
868 1933 1103 1994 explicare,
1132 1942 1181 1976 ut
1207 1949 1278 1977 res
1307 1933 1362 1977 ad
1394 1934 1528 1978 finem
1556 1950 1654 1994 per-

155 2012 286 2070 ducta
313 2013 557 2059 haberetur.
615 2013 689 2057 Ac
729 2013 867 2057 libros
911 2012 1086 2070 quidem
1125 2010 1216 2071 jam
1260 2012 1358 2055 dixi
1400 2008 1499 2067 eos,
1543 2029 1653 2070 quos

156 2091 344 2151 optimos
373 2109 465 2137 esse
497 2103 539 2136 et
568 2091 959 2136 Drakenborchius
981 2088 1193 2149 judicavit
1221 2100 1263 2134 et
1287 2090 1436 2135 ubivis
1456 2102 1652 2151 apparet,

152 2168 280 2215 Leid.
307 2171 360 2213 1.-
378 2169 506 2216 Harl.
531 2170 590 2227 1.‚
620 2186 750 2229 quem
777 2169 910 2228 etiam
939 2170 1297 2229 praestantiorem
1324 2169 1530 2215 Leidensi
1559 2186 1655 2216 esse

152 2249 298 2306 credo,
318 2260 361 2294 et
373 2248 692 2307 Florentinum,
718 2250 772 2294 de
788 2266 874 2308 quo
891 2260 1036 2295 tamen
1053 2249 1415 2294 Drakenborchii
1432 2250 1654 2297 adnotatio

141 2345 232 2389 'nos
262 2319 459 2374 dubitare
496 2328 631 2390 jubet,
670 2330 851 2373 Aeneae
886 2331 1178 2388 Antenorique
1201 2330 1410 2390 praebere
1424 2348 1439 2377 z
1487 2342 1536 2377 ut
1570 2332 1655 2377 hac

149 2409 636 2455 librorum'auctoritate
655 2408 858 2470 permoti,
880 2409 921 2453 si
943 2425 1032 2454 non
1066 2419 1212 2469 aperte
1236 2409 1408 2469 legibus
1437 2411 1653 2457 sermonis

147 2489 362 2547 scriptura
382 2491 650 2545 adversetur,
680 2504 778 2533 eam
797 2485 950 2533 veram
966 2486 1161 2548 judicare
1175 2505 1266 2533 non
1284 2489 1542 2536 dubitemus.
1590 2492 1653 2534 At

148 2566 301 2625 negari
337 2567 513 2624 quidem
540 2585 631 2613 nou
668 2578 822 2628 potest,
860 2556 1074 2612 abstinere
1110 2584 1282 2629 semper
1317 2568 1511 2614 inveniri
1549 2585 1650 2613 cum

146 2630 343 2702 ablativo
372 2662 475 2692 casu
504 2637 800 2711 conjunctum,
830 2648 944 2692 unde
973 2648 1140 2692 factum
1167 2658 1247 2704 est,
1276 2658 1324 2691 ut
1350 2647 1648 2707 Baumgar-

143 2738 162 2772 t
170 2744 193 2774 e
201 2720 260 2773 η’-
272 2726 310 2774 G
322 2745 348 2774 r
357 2745 387 2773 u
395 2728 482 2775 siu
492 2744 514 2774 s
544 2729 676 2774 etia‘m
703 2745 795 2776 non
824 2729 1029 2776 Latinam
1044 2730 1280 2789 appellaret
1307 2728 1539 2774 lectionem
1567 2744 1650 2774 no-

195 2807 202 2811 *
1329 2808 1355 2852 1
