1964 3176
235 159 292 207 12

232 275 364 323 Harl.
391 277 436 322 1.
464 274 508 321 >et
535 274 668 322 Voss.
707 276 768 331 1.,
806 276 861 320 de
898 288 1086 333 quorum
1121 277 1385 336 praestantia
1419 276 1513 338 jam
1538 268 1761 324 'dubitari‘
1805 324 1807 326 ,

233 373 327 403 non
365 366 530 418 potest,
575 355 783 401 voculam
822 364 864 399 et
890 364 1001 400 ,ante
1040 356 1218 402 consilio
1236 357 1426 403 *addant
1483 356 1740 411 Mirandum

233 437 363 482 etiam
378 466 392 492 ,
427 435 543 494 quod
568 433 805 479 Bekkerus
834 435 1099 495 scripturam
1127 436 1289 483 codicis
1317 436 1579 493 morentini,
1609 451 1738 495 quem

233 519 381 573 solum*
400 517 684 584 sequebatur,
712 532 804 561 non
833 516 1010 578 recepit,
1040 532 1177 575 quum
1204 517 1463 564 Ruhnkenii
1491 515 1736 564 adnotatio-

232 614 334 644 nem
354 599 408 656 ad
427 596 549 643 Vell.
580 596 616 642 Ι.
648 597 705 640 17
733 613 775 657 p.
806 597 881 642 6⁷.
911 612 1015 641 eum
1040 597 1211 656 fugisse
1238 615 1329 644 non
1343 601 1538 649 credam.
1581 596 1734 656 Neque

232 689 348 723 caret
363 679 474 723 haec
495 676 761 725 constructio
784 678 1011 721 commoda
1035 677 1345 737 explicatione,
1367 680 1469 738 quia
1489 688 1531 722 et
1549 677 1733 740 conjun-
1793 691 1800 695 ·

230 742 386 817 gendis
409 757 621 802 orationis
635 755 832 817 partibus
848 756 1059 803 inservit:
1080 757 1374 802 etiamhutem
1389 758 1486 804 vim
1506 756 1733 819 propriam

229 839 405 895 retinet,
439 839 501 883 cf.
520 837 667 882 Hand.
684 837 879 882 Tursell.
896 836 957 882 Π.
977 853 1019 895 p.
1040 838 1143 893 521,
1174 838 1250 895 qui
1277 839 1380 895 quid
1408 838 1458 882 in
1486 839 1556 882 his
1583 836 1733 883 verbis

229 916 544 978 conjungendis
589 916 714 970 viros
758 916 906 959 doctos
951 915 1164 973 quosdam
1207 911 1461 973 offenderit,
1504 930 1730 979 uunquam

206 1021 209 1026 ·
229 998 333 1044 satis
364 996 593 1055 cognitum
620 1011 714 1054 esse
743 995 817 1041 ait.
874 995 946 1043 Ac
970 993 1288 1054 loci*permulti
1306 991 1366 1039 ei
1385 995 1523 1042 Livio
1546 995 1730 1053 aliisque

228 1076 517 1137 scriptoribus
546 1074 791 1135 deprompti
820 1072 1170 1135 conjunctionem
1194 1075 1457 1120 vocularum
1485 1075 1730 1122 et-‹etiam

229 1156 483 1217 saepissime
521 1154 763 1203 adhibitam
789 1169 894 1198 ‘esse
937 1148 1171 1199 declarant.
1203 1156 1263 1199 cf.
1295 1137 1508 1199 Goerenz.
1540 1156 1594 1199 ad
1633 1153 1727 1200 Cic.

228 1237 392 1298 leg.*3,
422 1236 468 1292 2,
498 1221 541 1280 4ss
570 1232 720 1285 Brem.
750 1233 805 1278 ad
842 1231 955 1295 Nep.
992 1231 1132 1278 Attio.
1167 1233 1241 1289 18,
1272 1235 1315 1282 4.
1345 1233 1504 1282 Kortte
1547 1234 1603 1280 ad
1632 1232 1725 1280 cic.

227 1319 259 1363 l.
289 1317 359 1361 13.
390 1332 457 1376 ep.
486 1317 546 1360 7..
743 1333 747 1335 ·
998 1324 1000 1326 ’

759 1455 1085 1557 xvl1.'·3s.
1132 1473 1186 1534 1.

227 1626 438 1676 Patrum
458 1621 682 1673 interim
709 1621 913 1672 animos
947 1602 1224 1673 certamen
1252 1620 1398 1692 regni
1437 1638 1497 1672 ac
1537 1622 1722 1690 cupido

328 1713 595 1766 versabat:
651 1729 749 1763 nec
802 1713 946 1766 dum'
971 1714 1047 1764 ad
1087 1712 1344 1778 singulos,
1399 1713 1516 1780 quia
1563 1730 1721 1765 nemo

325 1807 644 1872 magnopere
695 1801 960 1855 eminebat
1001 1803 1058 1853 in
1104 1820 1245 1855 novo
1280 1805 1474 1871 populo
1486 1841 1503 1869 ,
1533 1814 1721 1872 perve-

325 1904 515 1954 neram
544 1894 832 1971 fac-timaee?
868 1894 1005 1944 inter
1035 1895 1245 1946 ordines
1281 1897 1587 1948 certabatur.

335 2029 554 2092 Maiorem
600 2030 685 2075 hoc
727 2030 829 2075 loco
879 2027 1081 2075 videmus
1128 2028 1329 2074 lectionis
1370 2029 1719 2090 discrepantiam,

219 2128 328 2171 quae
356 2110 533 2172 quidem
563 2125 653 2154 non
680 2110 730 2157 in
748 2109 879 2153 libris
900 2109 1091 2168 scriptis,
1121 2109 1196 2154 sed
1218 2099 1270 2153 in
1293 2109 1419 2157 editis
1447 2110 1719 2159 observatur.

210 2189 621 2255 ⁴Drakenborchius
640 2188 903 2248 scripturam
921 2188 1060 2246 vulgo
1089 2187 1248 2232 editam
1259 2205 1273 2233 ε
1303 2189 1479 2232 necdum
1497 2205 1527 2244 a
1545 2190 1720 2249 singulis

213 2279 493 2329 pervenerant
519 2257 768 2327 factionem
811 2268 928 2333 inter
952 2267 1122 2311 ordines
1150 2269 1394 2315 certabatur
1421 2269 1470 2313 in
1498 2280 1620 2314 textu
1649 2286 1717 2314 re-

215 2349 371 2404 tinuit,
425 2363 672 2405 quanquam
715 2348 859 2408 ipsam
899 2362 989 2390 non
1031 2347 1268 2406 genuinam
1312 2349 1399 2393 sibi
1440 2349 1584 2393 visam
1627 2364 1719 2392 esse
1738 2338 1749 2344 κ

217 2423 485 2483 οοιιοοᾶειιε,
525 2427 720 2472 nesciens
753 2423 899 2471 tamen
929 2428 1147 2487 quomodo
1175 2444 1223 2472 se
1250 2443 1307 2472 ex
1334 2428 1435 2472 loco
1465 2424 1554 2480 tuin
1581 2425 1717 2487 impe-

216 2509 307 2554 dito
345 2507 584 2568 expediret.
644 2505 773 2549 Libri
807 2506 959 2565 optimi
995 2501 1137 2562 Flor.,
1173 2504 1323 2562 Harl„
1356 2505 1487 2552 VoSS.
1519 2522 1586 2567 pr.
1615 2507 1718 2552 alii..

215 2607 296 2649 que
332 2590 452 2635 hunc
487 2589 638 2633 locum
677 2585 741 2632 sic
778 2585 988 2646 scriptum
1017 2587 1206 2632 habent=
1234 2587 1427 2632 'modum
1468 2604 1498 2632 α
1542 2589 1718 2646 singulis

209 2678 482 2728 pervenerat.-
534 2666 813 2726 factionibus
872 2665 987 2710 inter
1049 2665 1223 2712 ordines
1278 2668 1551 2725 certabatur,
1607 2683 1718 2726 quae

136 2784 145 2787 —
210 2750 431 2795 librorum
459 2749 675 2808 scriptura
698 2746 909 2792 ‹Graevio
950 2747 1188 2808 persuasit,
1225 2758 1274 2793 ut
1301 2748 1451 2794 locum
1480 2747 1543 2792 ita
1569 2762 1716 2792 emen·
