1964 3176
188 163 330 229 ἱ28

271 289 386 333 dem>
401 301 503 331 cum
534 281 750 353 Romanis
781 283 1015 351 commisso
1045 294 1354 342 memorasset,
1396 299 1535 344 neque
1570 289 1769 347 posthac,

271 367 349 411 ubi
378 359 683 425 praedatorum
712 360 1003 406 calamitatem
1016 363 1250 421 ,nai-ravit,
1282 381 1384 410 eum
1412 366 1665 426 appellaret,
1695 368 1771 413 sed

271 449 388 492 solos
423 443 614 496 milites,
653 435 843 500 quorum
886 442 1018 486 etiam
1064 444 1217 516 eodem
1252 447 1384 492 modo
1414 446 1571 507 plures
1604 447 1769 492 flumen

268 526 488 590 trajecisse
525 523 649 567 infra
686 522 770 577 ait,
823 531 1197 570 commemoraret.
1246 523 1418 573 'Nonne
1453 526 1584 572 etiam
1621 527 1785 585 magis-

267 605 497 660 convenit,
540 602 784 647 Porsenam
812 601 976 646 milites
1014 619 1116 647 suos
1146 605 1347 663 praedari
1374 606 1576 667 jussisse,
1614 607 1761 667 ipsum

265 678 410 734 autem
447 699 543 729 rem
589 682 744 747 minus·
782 668 1010 729 honestam
1048 694 1089 727 et
1134 700 1237 743 rege
1274 679 1502 745 indignam
1531 685 1764 746 sprevisse.

265 769 359 828 Qui
402 776 548 810 autem
583 763 748 806 factum
768 761 867 817 sit,
913 772 960 807 ut
1000 763 1222 821 trajiceret
1258 765 1307 809 in
1346 766 1567 812 codicibus
1612 782 1761 811 recen·

238 830 390 895 *doris
443 844 592 889 aetatis
642 843 932 896 scriberetur,
992 843 1123 887 facile
1162 856 1224 889 est
1252 846 1513 901 intellectu,
1563 846 1665 903 quia
1702 846 1761 890 li-

262 926 403 971 brarii
463 922 705 967 orationem
753 920 814 963 ita
861 921 1064 988 ¹formare
1120 922 1382 983 voluerunt,
1443 934 1490 968 ut
1551 940 1653 967 cum
1701 925 1763 979 sia

230 1045 236 1048 .
259 1015 378 1052 neret
407 1004 596 1050 alterum
623 1000 812 1046 verbum
839 999 1108 1051 conveniret.

871 1153 978 1211 w.
1068 1154 1113 1234 §-
1158 1155 1221 1217 8.
1255 1156 1258 1158 ·

302 1292 380 1343 Ne
414 1291 481 1341 ab
518 1288 784 1340 obsidibus
821 1286 1034 1353 quidem
1067 1317 1136 1325 -
1171 1284 1257 1338 ira
1292 1284 1417 1338 belli
1446 1289 1706 1341 abstinuit.

368 1402 489 1446 Miro
514 1400 645 1444 modo
674 1400 760 1442 hoc
787 1398 889 1442 loco
918 1399 1094 1443 variant
1121 1399 1328 1451 lectiones
1357 1400 1599 1457 librorum,
1642 1417 1753 1459 quo-

251 1500 351 1529 rum
378 1497 481 1527 suos
509 1479 685 1538 quidem
714 1463 968 1522 Gronovius
998 1493 1147 1522 omnes
1176 1478 1247 1521 ira
1275 1478 1377 1521 belli
1404 1479 1566 1523 hostilis
1590 1480 1750 1528 habere

251 1563 370 1608 eicit.
428 1561 508 1606 Ab
545 1558 676 1603 Harl.
714 1559 745 1603 1.
782 1556 908 1601 Leia.
949 1558 990 1602 1.
1021 1568 1166 1602 autem
1203 1563 1310 1601 cum·
1340 1548 1606 1604 Florentino'
1626 1560 1749 1605 nra-

249 1639 515 1688 kenborchii
554 1638 820 1699 adjectivum
859 1637 1024 1680 hostilis
1063 1637 1196 1681 abest.
1258 1635 1490 1681 Invenitur
1526 1648 1670 1696 tamen
1699 1640 1747 1685 in

248 1722 378 1768 libris
419 1706 735 1764 recentioribus
778 1715 902 1774 L'ips.
942 1714 1072 1774 Harl.
1101 1717 1147 1759 2.
1190 1715 1302 1774 aliis.
1329 1724 1344 1770 J
1370 1715 1493 1760 ldem
1536 1719 1589 1762 de
1617 1719 1745 1765 libris

245 1800 461 1848 Palatinis
477 1796 734 1842 Gebhardus
749 1795 982 1839 contendit.
1010 1793 1041 1840 J
1042 1810 1112 1838 am
1128 1795 1321 1853 primum
1333 1796 1580 1853 quaeritur,
1597 1810 1745 1846 utrum

245 1880 427 1927 omnino
473 1876 768 1937 abjiciendum
804 1875 861 1919 sit
889 1875 1005 1919 istud
1021 1856 1327 1928 vocabulum,
1365 1874 1411 1918 id
1452 1872 1742 1940 quodssek..

240 1960 409 2005 kerus
439 1957 557 2010 fecit,
588 1971 644 1999 an
673 1944 949 1999 retinendum
968 1964 1042 1998 aut
1059 1954 1331 2000 mutandum.
1388 1954 1580 2001 Prorsus
1598 1968 1740 2014 autem

239 2038 535 2084 abiiciendum
564 2051 655 2080 esse
683 2034 957 2093 negaverim,
989 2045 1124 2091 quum
1152 2033 1200 2076 in
1231 2033 1407 2093 optimis
1436 2034 1569 2080 libris·
1585 2037 1741 2081 vo'cem

238 2119 410 2180 saepius
444 2114 653 2161 omissam
682 2129 813 2172 quam
830 2112 1022 2157 additam
1051 2127 1143 2157 esse
1175 2112 1521 2171 observaverim,
1552 2124 1596 2159 et
1624 2114 1737 2161 Gro-

236 2200 363 2246 uovii
400 2198 539 2242 libros
580 2194 838 2239 melioribus
874 2193 1223 2237 adnumerandus
1261 2208 1355 2237 esse
1392 2194 1579 2239 credam.
1648 2192 1736 2241 Sed

238 2278 327 2322 alia
359 2286 551 2336 superest
587 2272 782 2332 quaestio
821 2282 971 2316 utrum
999 2288 1101 2315 cum
1129 2270 1500 2332 Drakenborchio
1538 2285 1577 2319 et
1606 2258 1734 2321 'libro

233 2356 458 2403 Vossiano
488 2355 764 2398 scribendum
791 2345 858 2397 ‘sit
894 2352 1005 2395 iram
1034 2352 1136 2395 belli
1162 2353 1291 2396 hostis
1318 2350 1546 2409 abstinuit,
1589 2370 1647 2397 an
1675 2337 1733 2398 eit

233 2435 453 2497 Gronovii
484 2418 731 2495 conjectura
760 2433 829 2476 ira
862 2456 913 2465 —
945 2432 1117 2476 hostilia
1146 2433 1373 2488 abstinuit,
1405 2427 1536 2490 quam
1567 2443 1732 2479 utram-

230 2534 312 2576 que
352 2525 618 2561 structuram
647 2527 772 2556 suam
801 2512 982 2570 quisque
1008 2510 1224 2571 exemplis
1254 2509 1369 2554 satis-
1388 2513 1640 2573 firmarunt,
1672 2530 1728 2561 an

228 2599 389 2643 hostilis
439 2594 718 2641 retinendum
763 2592 832 2637 sit.
913 2591 1079 2636 Contra
1106 2578 1108 2582 V
1130 2591 1277 2636 Drak.
1326 2594 1586 2647 sententiam
1623 2596 1731 2642 facit

195 2704 197 2706 -
227 2693 461 2724 consensus
477 2667 677 2720 omnium
690 2672 912 2715 librorum
924 2680 1095 2729 praeter
1112 2669 1381 2716 Vossianum
1391 2672 1438 2717 in
1451 2670 1726 2721 nominativo

223 2759 294 2803 ira
332 2766 374 2801 et
410 2754 546 2819 Harl.
586 2764 627 2818 et
654 2750 886 2797 L‘eidensis
922 2750 970 2795 in
999 2749 1213 2812 adjectivo
1242 2750 1415 2798 hostilis.
1476 2753 1619 2802 Multo
1644 2770 1724 2800 ve-
