1964 3176
24 399 30 410 -
31 388 38 392 ι

98 248 106 253 .

1651 192 1708 237 19

210 302 658 366 itmconjungnntur,
697 314 741 350 et
768 285 928 364 verba:
968 313 1011 348 et
1048 319 1126 360 ego
1167 304 1355 362 recipio,
1402 302 1593 364 intelligi
1627 307 1703 351 de-

210 384 329 447 bent,
354 385 482 443 quasi
508 384 715 454 dixissen
743 397 826 430 vos
854 384 1031 431 dedistis
1059 395 1102 428 et
1131 398 1210 442 ego
1239 383 1419 457 recipio.
1481 383 1602 452 Quid
1625 397 1704 441 est,

209 463 265 526 inp
288 481 375 523 quo
399 464 625 512 offendas?
656 462 859 509 Generum
888 464 1084 509 conferri
1110 474 1314 530 possunt,
1352 480 1463 522 quae
1503 465 1709 510 Han-dim

181 582 184 585 .
211 530 456 603 Tursellin.
487 542 550 588 Π.
578 559 621 603 p.
650 543 749 588 990.
776 543 890 588 bene
918 545 971 588 de
1000 544 1084 589 hoc
1111 559 1196 588 usu
1224 532 1476 602 disputavit.

788 719 793 723 ,
816 672 955 730 XL.
1008 671 1104 727 fin.

168 769 175 773 ,
212 793 345 844 Cum
377 785 603 843 intentus
637 793 694 867 in
728 808 851 844 eum
883 807 942 843 se
976 808 1075 841 rex
1100 796 1237 842 totus
1262 773 1538 857 averteret,
1575 790 1704 845 alter

189 894 195 897 “
270 940 276 943 ,
314 883 502 936 elatam
536 883 761 956 securim
793 883 850 934 in
885 890 1036 951 caput
1068 873 1273 953 dejecit.
1327 875 1331 879 ⁴

325 994 510 1046 Codices
538 996 691 1055 optimi
727 996 827 1040 dum
855 1000 1063 1039 averteret
1089 994 1262 1049 habent,
1302 1010 1395 1038 cum
1421 1005 1566 1039 autem
1590 996 1702 1041 Gro-

209 1074 334 1138 novii
353 1074 598 1138 conjectura
619 1085 697 1129 est,
716 1075 807 1131 qui,
822 1076 871 1119 [si
888 1090 976 1117 non
989 1071 1325 1117 cumtenendum
1333 1083 1457 1129 esset,
1474 1069 1587 1118 certe
1605 1076 1703 1118 dum

203 1155 364 1206 avertit
382 1150 661 1199 scribendum
678 1152 819 1197 fuisse
843 1152 969 1197 dixit.
1015 1145 1100 1195 Oui
1122 1151 1251 1210 etiam
1280 1150 1595 1208 Bekkerum
1625 1155 1701 1198 ob·
1765 1181 1773 1196 ι

169 1252 171 1256 ·
211 1241 441 1291 sequutum
472 1246 564 1276 esse
587 1232 739 1277 miror.
800 1232 1049 1276 Bauerus
1078 1231 1125 1274 in
1160 1231 1390 1278 chrestum.
1421 1232 1525 1277 Liv.
1554 1249 1599 1292 p.
1631 1234 1704 1280 45.

210 1300 402 1357 scribere
429 1309 588 1365 voluit,
618 1312 718 1356 dum
746 1319 973 1367 averterat,
1014 1306 1216 1355 dubitans
1245 1321 1406 1366 tamen,
1434 1326 1543 1370 num
1569 1312 1710 1371 parti-

211 1392 357 1440 culam
386 1391 486 1434 dum
514 1391 986 1450 plusquamperfectum
1014 1390 1136 1447 sequi
1154 1397 1311 1449 posset.
1361 1388 1543 1435 -Similis
1559 1389 1728 1436 tamen‘

208 1472 331 1515 locus
368 1469 528 1528 legitur
565 1460 778 1527 XXXII}
820 1468 894 1525 24,
934 1470 965 1513 5
1007 1466 1109 1512 dum
1146 1469 1194 1510 in
1221 1484 1346 1511 unam
1370 1479 1538 1526 partem
1566 1474 1719 1532 oculos

208 1550 384 1611 bostium
412 1557 641 1614 averterat,
678 1549 869 1605 pluribus
885 1536 1010 1609 'locis
1044 1549 1172 1591 scalis
1201 1549 1370 1606 capitur
1396 1564 1547 1594 mma-3.
1615 1548 1704 1595 Sed

209 1628 680 1689 plusquamperfectum
710 1626 813 1673 huic
834 1626 933 1671 loco
951 1642 1107 1686 parum
1121 1621 1359 1673 convenire
1378 1626 1471 1688 jam
1497 1627 1706 1675 Buettne-

206 1723 285 1753 rus
313 1708 500 1752 monuit.
558 1706 727 1751 Eodem
755 1708 888 1751 modo
920 1717 1045 1764 atque
1067 1708 1151 1751 hoc
1173 1709 1272 1768 loco
1291 1706 1545 1753 Gronovius
1564 1709 1705 1765 XXI,

209 1785 285 1845 43,
325 1787 367 1832 1.
397 1802 491 1848 prov
508 1786 607 1831 dum
634 1785 871 1832 dimisisset
906 1784 1080 1846 scripsit
1120 1802 1213 1831 cum
1250 1786 1498 1838 dimisisset.
1564 1787 1705 1833 Diffi-

121 1870 131 1920 ]
209 1867 292 1913 cile
304 1883 409 1912 sane
426 1876 491 1910 est
507 1866 718 1928 judicium
736 1867 790 1910 de
808 1867 878 1910 his
893 1866 1038 1922 rebus,
1070 1881 1203 1924 quum
1230 1854 1318 1910 loci
1339 1880 1399 1910 ex
1428 1867 1542 1926 lege,
1573 1883 1705 1933 quam

208 1947 461 1993 Gronovius
489 1947 543 1991 ad
572 1947 688 1991 hunc
716 1944 865 1991 locum
889 1946 1113 2007 proposuit
1133 1954 1177 1989 et
1194 1945 1590 1992 Drakenborchius
1607 1964 1707 1993 san·

206 2027 291 2084 xit,
319 2026 500 2088 plurimi
530 2026 745 2071 emendati
775 2027 878 2084 sint,
909 2042 960 2070 ac
988 2040 1121 2086 paene
1149 2039 1300 2068 omnes
1328 2026 1606 2094 grammatici
1633 2043 1705 2072 eo

206 2122 308 2151 rum
345 2106 543 2165 vestigiis
573 2106 818 2150 institerint.
846 2104 1007 2149 Idem
1031 2104 1133 2147 fecit
1161 2103 1293 2147 etiam
1336 2104 1538 2150 Handius
1569 2106 1703 2151 Turs.

176 2196 179 2197 ’
206 2184 356 2232 11.in
384 2200 493 2228 voce
520 2184 636 2239 dum,
677 2184 752 2241 qui
788 2183 837 2227 in
864 2182 1078 2250 ejusmodi
1114 2183 1223 2227 locis
1250 2175 1539 2229 indicativum
1579 2201 1706 2243 prae-

207 2262 341 2312 sentis
384 2255 528 2313 solum
566 2260 729 2307 rectum
769 2279 861 2311 esse
898 2262 1123 2325 judicavit.
1192 2262 1374 2307 Modum
1413 2263 1706 2322 indicativum

119 2344 127 2349 ⁷
156 2398 159 2401 s
205 2341 409 2404 inprimis
429 2341 478 2407 in
498 2351 580 2387 usu
602 2343 763 2401 fuisse,>
793 2354 833 2389 et
854 2345 984 2388 multi
1011 2343 1099 2388 loci
1130 2343 1297 2397 docent,
1338 2352 1380 2386 et
1405 2342 1504 2403 ipsa
1531 2343 1597 2388 rei
1625 2360 1705 2388 na-

205 2434 304 2468 tura
334 2423 611 2476 demonstrat,
644 2422 707 2467 cf.
742 2421 943 2469 Walch
972 2424 1026 2468 ad
1056 2422 1260 2480 Agricol.
1282 2432 1334 2483 p.
1354 2421 1460 2468 406.
1520 2421 1608 2468 Sed
1631 2439 1705 2467 ac-

206 2513 354 2547 curate
383 2504 676 2561 quaerendum
702 2514 781 2560 est,
810 2493 957 2547 utrum
983 2500 1110 2558 locis,
1131 2502 1206 2559 qui
1227 2501 1558 2563 conjunctivum
1577 2518 1703 2563 prae-

205 2581 324 2644 bent,
356 2581 506 2640 paucis
534 2582 625 2627 illis
655 2583 845 2642 quidem,
884 2582 959 2625 sed
1001 2581 1199 2627 omnium
1231 2582 1431 2637 codicum
1468 2598 1704 2640 eorumque

207 2659 474 2723 optimorum
481 2662 737 2707 auctoritate
745 2661 946 2719 firmatis,
956 2662 1174 2726 medicina
1183 2662 1426 2706 adhibenda
1440 2662 1511 2717 sit,
1523 2677 1581 2704 an
1589 2672 1705 2706 recte

206 2758 252 2788 se
264 2736 464 2788 habeant.
528 2737 765 2786 Videamus
783 2741 976 2831 primum
997 2742 1145 2788 locum
1160 2739 1378 2801 Nepotis
1361 2756 1410 2784 ιιι
1426 2739 1521 2786 vita
1541 2740 1704 2787 Timo·

464 2827 469 2832 .
1354 2821 1422 2864 2*
